% Encoding: UTF-8

%% EXEMPLOS -----------------------------------------------

@Book{exemplo_livroe,
  title         = {Título de obra},
  publisher     = {Editora},
  year          = {data de publicação},
  author        = {SOBRENOME, Prenome do Autor},
  address       = {Local de publicação},
  edition       = {Número da edição (se houver)},
  note          = {Descrição física},
  subtitle      = {subtítulo (se houver)},
  url           = {http://www.udesc.br/cct},
  urlaccessdate = {10 nov. 2020},
}

@Book{exemplo_livro,
  title     = {Título de obra},
  publisher = {Editora},
  year      = {data de publicação},
  author    = {SOBRENOME, Prenome do Autor},
  address   = {Local de publicação},
  edition   = {Número da edição (se houver)},
  subtitle  = {subtítulo (se houver)},
}

@MastersThesis{exemplo_dissertacao,
  author        = {SOBRENOME, Prenome do Autor},
  title         = {Título de obra},
  school        = {Vinculação acadêmica},
  year          = {data},
  address       = {local de apresentação/defesa},
  note          = {Descrição física},
  subtitle      = {subtítulo (se houver)},
  url           = {http://www.udesc.br/cct},
  urlaccessdate = {10 nov. 2020},
}

@PhdThesis{exemplo_tese,
  author        = {SOBRENOME, Prenome do Autor},
  title         = {Título de obra},
  school        = {Vinculação acadêmica},
  year          = {data},
  address       = {local de apresentação/defesa},
  note          = {Descrição física},
  subtitle      = {subtítulo (se houver)},
  url           = {http://www.udesc.br/cct},
  urlaccessdate = {10 nov. 2020},
}

@Article{a,
  author        = {SOBRENOMEE, Prenome do Autor},
  title         = {Título do artigo},
  journal       = {Título do periódico},
  year          = {data ou período de publicação},
  volume        = {numeração do ano e/ou volume},
  number        = {número e/ou edição},
  pages         = {páginas inicial e final},
  address       = {Local de publicação},
  doi           = {DOI},
  subtitle      = {subtítulo (se houver)},
  url           = {http://www.udesc.br/cct},
  urlaccessdate = {10 nov. 2020},
}


% ARTIGOS ---------------------------------------------------

@article{Ismail2019,
   author = {ISMAIL, W. M.S.W. and THAIM, T. M. and RASID, R. A.},
   address = {Kuantan},
   doi = {10.1016/j.biombioe.2019.03.012},
   journal = {Biomass and Bioenergy},
   month = {5},
   pages = {83-87},
   publisher = {Elsevier Ltd},
   title = {Biomass gasification of oil palm fronds (OPF) and Koompassia malaccensis (Kempas) in an entrained flow gasifier: A performance study},
   volume = {124},
   year = {2019},
}

@Article{Singh,
  author        = {SINGH, J. and GU, S.},
  title         = {Biomass conversion to energy in India - A critique},
  journal       = {Renewable and Sustainable Energy Reviews},
  year          = {2010},
  volume        = {14},
  number        = {1},
  pages         = {1367-1378},
  address       = {Southampton},
  doi           = {10.1016/j.rser.2010.01.013},
}

@Article{Neves2017,
  author        = {NEVES, D. and MATOS, A. and TARELHO, L. and THUNMAN, H. and LARSSON, A. and SEEMAN, M.},
  title         = {Volatile gases from biomass pyrolysis under conditions relevant for fluidized bed gasifiers},
  journal       = {Journal of Analytical and Applied Pyrolysis},
  year          = {2017},
  volume        = {127},
  number        = {1},
  pages         = {57-67},
  address       = {Aveiro},
  doi           = {10.1016/j.jaap.2017.09.002},
}

@Article{Sharma2015,
  author        = {SHARMA, A. and PAREEK, V. and ZHANG, D.},
  title         = {Biomass pyrolysis - A review of modelling, process parameters and catalytic studies},
  journal       = {Renewable and Sustainable Energy Reviews},
  year          = {2015},
  volume        = {50},
  number        = {1},
  pages         = {1081-1096},
  address       = {Perth},
  doi           = {10.1016/j.rser.2015.04.193},
}

@article{Modeling,
   author = {DI BLASI, C.},
   doi = {10.1016/j.pecs.2006.12.001},
   journal = {Progress in Energy and Combustion Science},
   month = {2},
   pages = {47-90},
   title = {Modeling chemical and physical processes of wood and biomass pyrolysis},
   volume = {34},
   year = {2008},
}

@article{Yaman2004,
   author = {YAMAN, S.},
   doi = {10.1016/S0196-8904(03)00177-8},
   journal = {Energy Conversion and Management},
   pages = {651-671},
   publisher = {Elsevier Ltd},
   title = {Pyrolysis of biomass to produce fuels and chemical feedstocks},
   volume = {45},
   address = {Istanbul},
   year = {2004}
}

@article{Lin2021,
    author = {LIN, H. T. and CHEN, G. B. and CHAO, Y. C.},
    doi = {10.1002/er.6302},
   journal = {International Journal of Energy Research},
   month = {4},
   pages = {7161-7176},
   publisher = {John Wiley and Sons Ltd},
   title = {Thermochemical conversion characteristics of a single wood pellet in a convective low-temperature air environment},
   volume = {45},
   year = {2021},
   address = {Tainan}
}

@article{Febrero2015,
   author = {FEBRERO, L. and GRANADA, E. G. and REGUEIRO, A. and MÌGUEZ, J. L.},
   doi = {10.3390/en8099794},
   journal = {Energies},
   pages = {9794-9816},
   publisher = {MDPI AG},
   title = {Influence of combustion parameters on fouling composition after wood pellet burning in a lab-scale low-power boiler},
   volume = {8},
   year = {2015},
   address = {Vigo}
}

@article{Obernberger2004,
   author = {OBERNBERGER, I. and THEK, G.},
   doi = {10.1016/j.biombioe.2003.07.006},
   journal = {Biomass and Bioenergy},
   month = {12},
   pages = {653-669},
   title = {Physical characterisation and chemical composition of densified biomass fuels with regard to their combustion behaviour},
   volume = {27},
   year = {2004},
   address = {Graz}
}

@article{Brunner2017,
   author = {OBERNBERGER, I and BRUNNER, T. and MANDL, C. and KERSCHBAUM, M. and SVETLIK, T.},
   doi = {10.1016/j.egypro.2017.07.184},
   journal = {Energy Procedia},
   pages = {681-688},
   publisher = {Elsevier Ltd},
   title = {Strategies and technologies towards zero emission biomass combustion by primary measures},
   volume = {120},
   year = {2017},
    address = {Graz}
}

@article{Pavel2019,
   author = {PAVEL, I. and RADOI, R. I. and MATACHE, G. and POPESCU, A. M. C. and CABA, I.},
   doi = {10.1051/e3sconf/201911201006},
   journal = {E3S Web of Conferences},
   month = {8},
   publisher = {EDP Sciences},
   title = {Experimental research on a hot air generator working on the TLUD principle},
   volume = {112},
   year = {2019},
   address = {Bucharest}
}

@article{Mandl2010,
   author = {MANDL, C. and OBERNBERGER, I. and BIEDERMANN, F.},
   doi = {10.1016/j.fuel.2010.07.014},
   journal = {Fuel},
   keywords = {Fixed bed,Gasification,Modelling,Wood pellets},
   month = {12},
   pages = {3795-3806},
   title = {Modelling of an updraft fixed-bed gasifier operated with softwood pellets},
   volume = {89},
   year = {2010},
   address = {Graz}
}

@article{Kruger,
   author = {KRÜGER, D. and MUTLU, O. Ç.},
   doi = {10.3390/en14133913},
   journal = {Energies},
   month = {7},
   publisher = {MDPI AG},
   title = {Demonstration of a top-lit updraft based pyrolytic burner with low emission operation and automatic process control},
   volume = {14},
   year = {2021},
   address = {Leipzig}
}

@article{Scharler2011,
   author = {MANDL, C. and OBERNBERGER, I. and SCHARLER, I. R.},
   doi = {10.1016/j.biombioe.2011.09.001},
   journal = {Biomass and Bioenergy},
   month = {11},
   pages = {4595-4604},
   title = {Characterisation of fuel bound nitrogen in the gasification process and the staged combustion of producer gas from the updraft gasification of softwood pellets},
   volume = {35},
   year = {2011},
   address = {Graz}
}

@article{Kirch2018,
   author = {KIRCH, T. and BIRZER, C. H. and VAN EYK, P. J. and MEDWELL, P. R.},
   doi = {10.1021/acs.energyfuels.7b03152},
   journal = {Energy and Fuels},
   month = {4},
   pages = {4212-4220},
   publisher = {American Chemical Society},
   title = {Influence of Primary and Secondary Air Supply on Gaseous Emissions from a Small-Scale Staged Solid Biomass Fuel Combustor},
   volume = {32},
   year = {2018},
   address = {Adelaide}
}

% TESES DE MESTRADO ---------------------------------

@MastersThesis{Nagafugi,
  author        = {COSTA, G. N. de S.},
  title         = {Determinação da velocidade de chama adiabática e da energia de ativação global aparente de misturas provenientes da gaseificação da biomassa},
  school        = {Universidade do Estado de Santa Catarina},
  year          = {2020},
  address       = {Joinville},
  url           = {https://sistemabu.udesc.br/pergamumweb/vinculos/000083/000083f9.pdf},
  urlaccessdate = {01 maio 2022},
}

@MastersThesis{Sena2021,
  author        = {SENA, A. L. de},
  title         = {Efeito da composição da biomassa nos parâmetros de processo e na qualidade dos pellets produzidos em peletizadora de matriz plana},
  school        = {Universidade do Estado de Santa Catarina},
  year          = {2021},
  address       = {Lages},
  url = {https://sistemabu.udesc.br/pergamumweb/vinculos/000086/0000867d.pdf},
  urlaccessdate = {13 junho 2022},
}

@MastersThesis{Kretti,
  author        = {BARATA, D. K. D.},
  title         = {Determinação da composição dos gases combustíveis resultantes do processo de gaseificação de biomassa em reator de leito fluidizado circulante utilizando a teoria de minimização da energia livre de Gibbs},
  school        = {Universidade Tecnológica Federal do Paraná},
  year          = {2014},
  address       = {Ponta Grossa},
  url = {https://repositorio.utfpr.edu.br/jspui/bitstream/1/16596/1/PG_COENQ_2014_2_03.pdf},
  urlaccessdate = {13 junho 2022},
}

% LIVROS ---------------------------------------------------

@Book{Shapiro,
  title     = {Princípios de termodinâmica para engenharia},
  publisher = {LTC},
  year      = {2014},
  author    = {MORAN, M. and SHAPIRO, H. and BOETTNER, D. and BAILEY, M.},
  address   = {Rio de Janeiro},
  edition   = {7},
}

@Book{Fox,
  title     = {Introdução à mecânica dos fluidos},
  publisher = {LTC},
  year      = {1998},
  author    = {FOX, R. W. and McDONALD, A. T.},
  address   = {Rio de Janeiro},
  edition   = {5},
}

@Book{Spliethoff,
  title     = {Power Generation from Solid Fuels},
  publisher = {Springer},
  year      = {2010},
  author    = {SPLIETHOFF, H.},
  address   = {München},
  edition   = {1},
}

@Book{Basu,
  title     = {Biomass Gasification and Pyrolysis},
  publisher = {Elsevier},
  year      = {2010},
  author    = {BASU, P.},
  address   = {Oxford},
  subtitle  = {Practical Design},
  edition   = {1},
}

@Book{Brand,
  title     = {Energia de Biomassa Florestal},
  publisher = {Interciência},
  year      = {2010},
  author    = {BRAND, M. A.},
  address   = {Rio de Janeiro},
  edition   = {1},
}

@Book{Turns,
  title         = {Introdução à Combustão},
  publisher     = {McGraw-Hill Education},
  year          = {2013},
  author        = {TURNS, S. R.},
  address       = {Porto Alegre},
  edition       = {3},
}

@Book{Amazonia,
  title     = {Combustão e Gasificação da Biomassa Sólida},
  publisher = {Ministério de Minas e Energia},
  year      = {2008},
  author    = {RENDEIRO, G. et al.},
  address   = {Brasília},
  edition   = {1},
  subtitle  = {Soluções Energéticas para a Amazônia},
}

@Book{Lora,
  title     = {Biocombustíveis},
  publisher = {Interciência},
  year      = {2012},
  author    = {LORA, E. E. S. and VENTURINI, O. J.},
  address   = {Rio de Janeiro},
  edition   = {1},
}

@Book{Devore,
  title     = {Probabilidade e Estatística para Engenharia e Ciências},
  publisher = {Cengage Learning},
  year      = {2006},
  author    = {DEVORE, J.L.},
  address   = {São Paulo},
  edition   = {6},
}

@Book{Boateng,
  title     = {Pyrolysis of Biomass for Fuels and Chemicals},
  publisher = {Elsevier},
  year      = {2020},
  author    = {BOATENG, A.W.},
  address   = {London},
  edition   = {1},
}